@misc{montori2012,
	author={Federico Montori},
	title={Design and evaluation of an experimental platform about Internet of Energy for Electrical Vehicles},
	year={2012},
	url={http://amslaurea.unibo.it/3900/},
	type = {online}
}

@inproceedings{bedogni2013interoperable,
  title={An interoperable architecture for mobile smart services over the internet of energy},
  author={Bedogni, Luca and Bononi, Luciano and Di Felice, Marco and D'Elia, Alfredo and Mock, Randolf and Montori, Federico and Morandi, Francesco and Roffia, Luca and Rondelli, Simone and Cinotti, Tullio Salmon and others},
  booktitle={World of Wireless, Mobile and Multimedia Networks (WoWMoM), 2013 IEEE 14th International Symposium and Workshops on a},
  pages={1--6},
  year={2013},
  organization={IEEE}
}


@misc{dinicola2014,
	author={Marco di Nicola},
	title={Modellazione e analisi del consumo energetico di veicoli elettrici},
	year={2014},
	type = {cartaceo}
}

@article{katmale2011,
	author={Hilal Katmale},
	title={Assessment of Future Vehicle Transportation Options and Their Impact on the Electric Grid - Report},
	year={2011},
	journaltitle={DOE/NETL-2010/1466},
	type = {cartaceo}
}

@book{larcab2005,
    author = {Craig Larman, Luca Cabibbo},
    title = {Applicare UML e i pattern: analisi e progettazione orientata agli oggetti},
    publisher = {Pearson Italia S.p.a},
    year = {2005},
    type = {cartaceo}
} 

@book{vetti2008,
    author = {Luca Vetti Tagliati},
    title = {Java quality programming. I migliori consigi per scrivere codice di qualità},
    publisher = {Tecniche Nuove},
    year = {2008},
    type = {cartaceo}
} 

@article{tullio2011,
	author={E. Ovaska and T.S. Cinotti, A .Toninelli},
	title={The Design Principles and Practices of Interoperable Smart Spaces},
	journaltitle={Advanced Design Approaches to Emerging Software Systems},
	year={2011},
	type = {cartaceo}
}

@article{smart2010,
	author={Jukka Honkola and Hannu Laine and Ronald Brown and Olli Tyrkkö},
	title={Smart-M3 Information Sharing Platform},
	journaltitle={Trans. of the IEEE Symposium on Computers and Communications (ISCC)},
	year={2010},
	type = {cartaceo}
}

@manual{smart2013,
	author={Alfredo D’Elia and Francesco Morandi and Fabio Vergari and Tullio Salmon Cinotti and Luca Roffia},
	title={A semantic event processing engine supporting information level interoperability in ambient intelligence},
	year={2013},
	url={http://amsacta.unibo.it/3877/},
	type = {online}
}

@online{objectpool,
	author = {Oleg Varaksin},
	title = {Simple and lightweight pool implementation},
	year = {2013},
	url = {http://www.javacodegeeks.com/2013/08/simple-and-lightweight-pool-implementation.html},
	type = {online}
}

@online{wikiowl,
	author = {Wikipedia},
	title = {Web Ontology Language},
	year = {2014},
	url = {http://en.wikipedia.org/wiki/Web_Ontology_Language},
	type = {online}
}


@online{torok2011,
	author = {Péter Török},
	title = {Is object pooling a deprecated technique?},
	year = {2011},
	url = {http://programmers.stackexchange.com/questions/115163/is-object-pooling-a-deprecated-technique},
	type = {online}
}

@online {jena2011,
	author = {Apache Foundation},
	title = {Apache Jena},
	year = {2011},
	url = {https://jena.apache.org/},
	type = {online}
}

@phdthesis{al2012android,
  title={Android In-Vehicle Infotainment System (AIVI)},
  author={Al-Ani, Tarik},
  year={2012},
  school={University of Otago}
}

@online{wiki:blue-me,
  author = {Wikipedia},
  title = {Blue\&{}Me},
  year = {2010},
  url = {http://it.wikipedia.org/wiki/Blue\&{}Me}
}

@online{html:android,
  author = {Marco Lecce},
  title = {Guida Android},
  year = {2011},
  url = {http://www.html.it/guide/guida-android/}
}

@online{emanuele:android,
  author = {Emanuele Dinaro},
  title = {Android – Services},
  year = {2012},
  url = {http://emanueldinardo.com/wp/android-services/}
}

@inproceedings{behrisch2011sumo,
  title={Sumo-simulation of urban mobility-an overview},
  author={Behrisch, Michael and Bieker, Laura and Erdmann, Jakob and Krajzewicz, Daniel},
  booktitle={SIMUL 2011, The Third International Conference on Advances in System Simulation},
  pages={55--60},
  year={2011}
}

@inproceedings{wegener2008traci,
  title={TraCI: an interface for coupling road traffic and network simulators},
  author={Wegener, Axel and Pi{\'o}rkowski, Micha{\l} and Raya, Maxim and Hellbr{\"u}ck, Horst and Fischer, Stefan and Hubaux, Jean-Pierre},
  booktitle={Proceedings of the 11th communications and networking simulation symposium},
  pages={155--163},
  year={2008},
  organization={ACM}
}

@misc{varga2001omnet++,
  title={The OMNeT++ Discrete Event Simulation System (http://www. omnetpp. org), European Simulation Multiconference (ESM’2001), Prague, Czech Republic},
  author={Varga, Andr{\'a}s},
  year={2001},
  publisher={June}
}

@article{sommer2011bidirectionally,
  author = {Sommer, Christoph and German, Reinhard and Dressler, Falko},
  title = {{Bidirectionally Coupled Network and Road Traffic Simulation for Improved IVC Analysis}},
  journal = {IEEE Transactions on Mobile Computing},
  pages = {3-15},
  volume = {10},
  number = {1},
  year = {2011},
  month = {January},
  publisher = {IEEE},
  doi = {10.1109/TMC.2010.133}
}

@inproceedings{di2011dynamic,
  title={Dynamic backbone for fast information delivery invehicular ad hoc networks: an evaluation study},
  author={Di Felice, Marco and Bedogni, Luca and Bononi, Luciano},
  booktitle={Proceedings of the 8th ACM Symposium on Performance evaluation of wireless ad hoc, sensor, and ubiquitous networks},
  pages={1--8},
  year={2011},
  organization={ACM}
}

@inproceedings{kopke2008simulating,
  title={Simulating wireless and mobile networks in OMNeT++ the MiXiM vision},
  author={K{\"o}pke, Andreas and Swigulski, Michael and Wessel, Karl and Willkomm, Daniel and Haneveld, PT and Parker, Tom EV and Visser, Otto W and Lichte, Hermann S and Valentin, Stefan},
  booktitle={Proceedings of the 1st international conference on Simulation tools and techniques for communications, networks and systems \& workshops},
  pages={71},
  year={2008},
  organization={ICST (Institute for Computer Sciences, Social-Informatics and Telecommunications Engineering)}
}

@article{felice2012group,
  title={Group Communication on Highways: An Evaluation Study of Geocast Protocols and Applications},
  author={Felice, Marco Di and Bedogni, Luca and Bononi, Luciano},
  journal={Ad Hoc Networks},
  year={2012},
  publisher={Elsevier}
}


@inproceedings{bedogni2013machine,
  title={Machine-to-Machine Communication over TV White Spaces for Smart Metering Applications},
  author={Bedogni, Luca and Trotta, Angelo and Di Felice, Marco and Bononi, Luciano},
  booktitle={Computer Communications and Networks (ICCCN), 2013 22nd International Conference on},
  pages={1--7},
  year={2013},
  organization={IEEE}
}




%------------------- CITAZIONI DA INSERIRE




